@article{bartley_2022, title={Data Statistics - how much data is there in the world?}, url={https://rivery.io/blog/big-data-statistics-how-much-data-is-there-in-the-world/}, journal={Rivery}, author={Bartley, Kevin}, year={2022}, month={Nov}}  
@patent{dean_ghhemawat_2010, title={System and method for efficient large-scale data processing}, author={Dean, Jeffrey and Ghhemawat, Sanjay}, year={2010}, month={Jan}}
@misc{apache_hadoop, url={https://hadoop.apache.org/}, title={Apache Hadoop}} 